@article{framework|qiime2:2018.8.0.dev0+1.g2788661|0,
  author = {Caporaso, J Gregory and Kuczynski, Justin and Stombaugh, Jesse and Bittinger, Kyle and Bushman, Frederic D and Costello, Elizabeth K and Fierer, Noah and Pe√±a, Antonio Gonzalez and Goodrich, Julia K and Gordon, Jeffrey I and Huttley, Gavin A and Kelley, Scott T and Knights, Dan and Koenig, Jeremy E and Ley, Ruth E and Lozupone, Catherine A and McDonald, Daniel and Muegge, Brian D and Pirrung, Meg and Reeder, Jens and Sevinsky, Joel R and Turnbaugh, Peter J and Walters, William A and Widmann, Jeremy and Yatsunenko, Tanya and Zaneveld, Jesse and Knight, Rob},
  doi = {10.1038/nmeth.f.303},
  journal = {Nature methods},
  number = {5},
  pages = {335},
  publisher = {Nature Publishing Group},
  title = {QIIME allows analysis of high-throughput community sequencing data},
  volume = {7},
  year = {2010}
}

@article {Neilsone00195-16,
  author = {Neilson, Julia W. and Califf, Katy and Cardona, Cesar and Copeland, Audrey and van Treuren, Will and Josephson, Karen L. and Knight, Rob and Gilbert, Jack A. and Quade, Jay and Caporaso, J. Gregory and Maier, Raina M.},
  editor = {Chu, Haiyan},
  title = {Significant Impacts of Increasing Aridity on the Arid Soil Microbiome},
  volume = {2},
  number = {3},
  year = {2017},
  doi = {10.1128/mSystems.00195-16},
  publisher = {American Society for Microbiology Journals},
  URL = {https://msystems.asm.org/content/2/3/e00195-16},
  eprint = {https://msystems.asm.org/content/2/3/e00195-16.full.pdf},
  journal = {mSystems}
}

@Article{PER-GRA:2007,
  Author    = {P\'erez, Fernando and Granger, Brian E.},
  Title     = {{IP}ython: a System for Interactive Scientific Computing},
  Journal   = {Computing in Science and Engineering},
  Volume    = {9},
  Number    = {3},
  Pages     = {21--29},
  month     = may,
  year      = 2007,
  url       = "https://ipython.org",
  ISSN      = "1521-9615",
  doi       = {10.1109/MCSE.2007.53},
  publisher = {IEEE Computer Society},
}
